<?xml version="1.0" encoding="UTF-8"?><record xmlns="http://www.loc.gov/MARC21/slim" xmlns:cinclude="http://apache.org/cocoon/include/1.0" xmlns:zs="http://www.loc.gov/zing/srw/">
  <leader>00525nz  a2200157n  4500</leader>
  <controlfield tag="001">no2012037910</controlfield>
  <controlfield tag="003">DLC</controlfield>
  <controlfield tag="005">20120317075236.0</controlfield>
  <controlfield tag="008">120315n| acannaabn          |a aaa     c</controlfield>
  <datafield tag="010" ind1=" " ind2=" ">
    <subfield code="a">no2012037910</subfield>
  </datafield>
  <datafield tag="035" ind1=" " ind2=" ">
    <subfield code="a">(OCoLC)oca09144179</subfield>
  </datafield>
  <datafield tag="040" ind1=" " ind2=" ">
    <subfield code="a">NjP</subfield>
    <subfield code="b">eng</subfield>
    <subfield code="c">NjP</subfield>
  </datafield>
  <datafield tag="100" ind1="1" ind2=" ">
    <subfield code="a">Guarachi, Erick Pablo</subfield>
  </datafield>
  <datafield tag="400" ind1="1" ind2=" ">
    <subfield code="a">Guarachi Fernández, Erick Pablo</subfield>
  </datafield>
  <datafield tag="400" ind1="1" ind2=" ">
    <subfield code="a">Fernández, Erick Pablo Guarachi</subfield>
  </datafield>
  <datafield tag="670" ind1=" " ind2=" ">
    <subfield code="a">Los Nadies 2, 2005:</subfield>
    <subfield code="b">t.p. (Erick Pablo Guarachi) p. 5 (Erick Pablo Guarachih Fernández; b. La Paz, Bolivia; literature prof.)</subfield>
  </datafield>
</record>